@article{PhysRevE.70.066111,
volume = {70},
journal = {Phys. Rev. E},
author = {Clauset, Aaron and Newman, M. E. J. and Moore, Cristopher},
month = {Dec},
url = {http://link.aps.org/doi/10.1103/PhysRevE.70.066111},
doi = {10.1103/PhysRevE.70.066111},
year = {2004},
title = {Finding community structure in very large networks},
issue = {6},
publisher = {American Physical Society},
numpages = {6},
pages = {066111}
}
@article{citeulike:2348665,
author = {Bellomi, Francesco and Bonato, Roberto},
booktitle = {Proceedings of Wikimania 2005},
citeulike-article-id = {2348665},
keywords = {link-mining, network, wikipedia},
posted-at = {2008-02-07 11:09:02},
priority = {2},
title = {{Network Analysis for Wikipedia}},
year = {2005}
}

@MISC{Weale_utilizingwikipedia,
author = {Timothy Weale},
title = {Utilizing Wikipedia Categories for Document Classification},
year = {}
}

@inproceedings{tubiblio32662,
booktitle = {TextGraphs-2 : Graph-based Algorithms for Natural Language Processing, Workshop at HLT?NAACL 2007},
month = {March},
title = {Analysis of the Wikipedia category graph for NLP applications},
author = {Torsten Zesch and Iryna Gurevych},
year = {2007},
url = {http://tubiblio.ulb.tu-darmstadt.de/32662/
}
